<mx:record xmlns="http://www.w3.org/TR/xhtml1/strict" xmlns:mx="http://www.loc.gov/MARC21/slim" xmlns:xsi="http://www.w3.org/2001/XMLSchema-instance"><mx:leader>00000cz   2200000n  4500</mx:leader><mx:controlfield tag="001">oca00929392 </mx:controlfield><mx:controlfield tag="005">19990519051952.0</mx:controlfield><mx:controlfield tag="008">830428n| acannaab|          |a aaa      </mx:controlfield><mx:datafield ind1=" " ind2=" " tag="010"><mx:subfield code="a">n  83040505 </mx:subfield></mx:datafield><mx:datafield ind1=" " ind2=" " tag="040"><mx:subfield code="a">DLC</mx:subfield><mx:subfield code="c">DLC</mx:subfield><mx:subfield code="d">DLC</mx:subfield><mx:subfield code="d">NN</mx:subfield></mx:datafield><mx:datafield ind1="0" ind2=" " tag="100"><mx:subfield code="a">Janus,</mx:subfield><mx:subfield code="c">Secundus,</mx:subfield><mx:subfield code="d">1511-1536.</mx:subfield></mx:datafield><mx:datafield ind1="1" ind2=" " tag="400"><mx:subfield code="a">Secundus, Joannes Nicolai,</mx:subfield><mx:subfield code="d">1511-1536</mx:subfield><mx:subfield code="w">nna</mx:subfield></mx:datafield><mx:datafield ind1="1" ind2=" " tag="400"><mx:subfield code="a">Everaerts, Jan,</mx:subfield><mx:subfield code="d">1511-1536</mx:subfield></mx:datafield><mx:datafield ind1="1" ind2=" " tag="400"><mx:subfield code="a">Everardi, Joannes,</mx:subfield><mx:subfield code="d">1511-1536</mx:subfield></mx:datafield><mx:datafield ind1="1" ind2=" " tag="400"><mx:subfield code="a">Everardus, Joannes Secundus,</mx:subfield><mx:subfield code="d">1511-1536</mx:subfield></mx:datafield><mx:datafield ind1="0" ind2=" " tag="400"><mx:subfield code="a">Johannes,</mx:subfield><mx:subfield code="c">Secundus,</mx:subfield><mx:subfield code="d">1511-1536</mx:subfield></mx:datafield><mx:datafield ind1="0" ind2=" " tag="400"><mx:subfield code="a">Joannes,</mx:subfield><mx:subfield code="c">Secundus,</mx:subfield><mx:subfield code="d">1511-1536</mx:subfield></mx:datafield><mx:datafield ind1="0" ind2=" " tag="400"><mx:subfield code="a">Jean,</mx:subfield><mx:subfield code="c">Second,</mx:subfield><mx:subfield code="d">1511-1536</mx:subfield></mx:datafield><mx:datafield ind1="1" ind2=" " tag="400"><mx:subfield code="a">Second, Jean,</mx:subfield><mx:subfield code="d">1511-1536</mx:subfield></mx:datafield><mx:datafield ind1="1" ind2=" " tag="400"><mx:subfield code="a">Secundus, Janus,</mx:subfield><mx:subfield code="d">1511-1536</mx:subfield></mx:datafield><mx:datafield ind1="1" ind2=" " tag="400"><mx:subfield code="a">Secundus, Nicol.-Joh.,</mx:subfield><mx:subfield code="d">1511-1536</mx:subfield></mx:datafield><mx:datafield ind1="1" ind2=" " tag="400"><mx:subfield code="a">Secundus, J. Nicolajus,</mx:subfield><mx:subfield code="d">1511-1536</mx:subfield></mx:datafield><mx:datafield ind1=" " ind2=" " tag="670"><mx:subfield code="a">Ioannis Secundi Hagiensis opera, 1541</mx:subfield></mx:datafield><mx:datafield ind1=" " ind2=" " tag="670"><mx:subfield code="a">Brunet</mx:subfield><mx:subfield code="b">(Secundus [Everardus] (Nicol.-Joh.))</mx:subfield></mx:datafield><mx:datafield ind1=" " ind2=" " tag="670"><mx:subfield code="a">Grässe</mx:subfield><mx:subfield code="b">(Secundus, J. Nicolajus)</mx:subfield></mx:datafield><mx:datafield ind1=" " ind2=" " tag="999"><mx:subfield code="a">180</mx:subfield></mx:datafield></mx:record>